% @article{nature_behavior,
%   title={Prevalence, comorbidity, and breed differences in canine anxiety in 13,700 Finnish pet dogs},
%   author={Salonen, Milla and Sulkama, Sini and Mikkola, Salla and Puurunen, Jenni and Hakanen, Emma and Tiira, Katriina and Araujo, C{\'e}sar and Lohi, Hannes},
%   journal={Scientific reports},
%   volume={10},
%   number={1},
%   pages={2962},
%   year={2020},
%   publisher={Nature Publishing Group UK London}
% }
%
% @online{stats_adoption,
%   title={Raport roczny Głównego Lekarza Weterynarii z wizytacji schronisk dla zwierząt za rok 2020)},
%   author={Główny Inspektorat Wterynarii},
%   url={https://www.wetgiw.gov.pl/nadzor-weterynaryjny/schroniska-dla-bezdomnych-zwierzat/printpage},
%   year={2020}
% }
%
% @book{norman2013design,
%   title={The design of everyday things: Revised and expanded edition},
%   author={Norman, Don},
%   year={2013},
%   publisher={Basic books}
% }

@misc{tfidf, title={TF-IDF in NLP (Term Frequency Inverse Document Frequency)},
  url={https://medium.com/@abhishekjainindore24/tf-idf-in-nlp-term-frequency-inverse-document-frequency-e05b65932f1d},
  journal={Medium}, author={Jain, Abhishek}, year={2024}, month={Feb} }

@misc{beyond_beats, 
  title={Beyond Beats: A Recipe to Song Popularity? A machine learning approach},
  url={https://arxiv.org/abs/2403.12079}, 
  journal={arXiv.org}, 
  author={Sebastian,Niklas and Jung and Mayer,Florian},
  year={2024} }

@article{predicting_song_popularity_2024,
  title={Predicting Song Popularity in the Digital Age Through Spotify's Data},
  url={https://www.researchgate.net/publication/381621689_Predicting_song_popularity_in_the_digital_age_through_Spotifys_data},
  DOI={https://doi.org/10.54254//2753-8818//39//20240600},
  journal={ResearchGate},
  year={2024}
}

@book{classifying_music_audio, title={Classifying Music Audio with Timbral and Chroma Features},
url={https://www.ee.columbia.edu/~dpwe/pubs/Ellis07-timbrechroma.pdf},
author={Ellis, Daniel} }


@article{music_genre_classification_mfcc,
  title={Music Genre Classification Using MFCC, K-NN and SVM Classifier},
  author={Patil, Nilesh M and Nemade, Milind U},
  journal={International Journal of Computer Engineering in Research Trends},
  volume={4},
  number={2},
  year={2017},
  url={https://www.ijcert.org/index.php/ijcert/article/view/371}
}

@article{valence_and_lyrics, title={Using machine learning analysis
  to interpret the relationship between music emotion and lyric features},
volume={7}, url={https://peerj.com/articles/cs-785/#supplemental-information},
DOI={https://doi.org/10.7717/peerj-cs.785}, journal={PeerJ Computer Science},
publisher={PeerJ, Inc.}, author={Xu, Liang and Sun, Zaoyi and Wen, Xin and
                                 Huang, Zhengxi and Chao, Chi-ju and Xu,
                                 Liuchang}, year={2021}, month={Nov},
                                 pages={e785–e785} }

@article{du_2024, title={Sentiment Analysis and Lyrics Theme Recognition of
  Music Lyrics Based on Natural Language Processing}, volume={20},
  url={https://journal.esrgroups.org/jes/article/view/4327}, number={9s},
  journal={Journal of Electrical Systems}, author={Du, Juan}, year={2024},
  pages={315–321} }

@misc{pca, title={PCA},
  url={https://www.ibm.com/topics/principal-component-analysis},
  journal={Ibm.com}, author={IBM}, year={2023}, month={Dec} }

@article{lda, title={Latent Dirichlet Allocation}, volume={3},
  journal={Journal of Machine Learning Research}, author={Blei, David and Ng,
                                                          Andrew and Jordan,
                                                          Michael},
year={2003}, pages={993–1022} }

@article{empath, title={Empath}, ISBN={9781450333627},
  DOI={https://doi.org/10.1145/2858036.2858535}, journal={Proceedings of the
                                                          2016 CHI Conference
                                                          on Human Factors in
                                                          Computing Systems},
author={Fast, Ethan and Chen, Binbin and Bernstein, Michael S.}, year={2016},
month={May} }

@incollection{shap,
  title = {A Unified Approach to Interpreting Model Predictions},
  author = {Lundberg, Scott M and Lee, Su-In},
  booktitle = {Advances in Neural Information Processing Systems 30},
  editor = {I. Guyon and U. V. Luxburg and S. Bengio and H. Wallach and R. Fergus and S. Vishwanathan and R. Garnett},
  pages = {4765--4774},
  year = {2017},
  publisher = {Curran Associates, Inc.},
  url = {http://papers.nips.cc/paper/7062-a-unified-approach-to-interpreting-model-predictions.pdf}
}


@misc{ytdl,
  title = {ytdl-org/youtube-dl: command-line program to download videos from youtube.com and other video sites},
  url = {https://github.com/ytdl-org/youtube-dl},
  journal = {GitHub},
  year = {2024}
}

@misc{spotipy,
  title = {spotipy-dev/spotipy: A lightweight Python library for the Spotify Web API},
  url = {https://github.com/spotipy-dev/spotipy},
  journal = {GitHub},
  year = {2024},
  month = {May}
}

@misc{beautifulsoup,
  title = {Beautiful Soup Documentation — Beautiful Soup 4.12.0 Documentation},
  url = {https://www.crummy.com/software/BeautifulSoup/bs4/doc/},
  journal = {Crummy.com},
  year = {2020}
}

@book{w2v, title={Efficient Estimation of Word
  Representations in Vector Space}, url={https://arxiv.org/pdf/1301.3781},
  author={Mikolov, Tomas and Chen, Kai and Corrado, Greg and Dean, Jeffrey},
  year={2013} }

@misc{spotify_api, web api | spotify for developers_2024,
  url={https://developer.spotify.com/documentation/web-api},
  journal={Spotify.com}, year={2024} }

@misc{letras_mus, letras.mus.br_2024, url={https://www.letras.mus.br/},
  journal={Letras.mus.br}, year={2024} }

@misc{makeitpersonal, makeitpersonal_2024, url={https://makeitpersonal.co/},
  journal={Makeitpersonal.co}, year={2024} }

@misc{lyricsfandom, wiki index | lyrics wiki | fandom_2024, url={https://lyrics.fandom.com/},
  journal={Fandom.com}, year={2024} }

@misc{genius, genius api documentation_2014, url={https://docs.genius.com/},
  journal={Genius.com}, year={2014} }

@article{librosa, librosa: audio and music signal analysis in python_2015,
  url={https://www.researchgate.net/publication/328777063_librosa_Audio_and_Music_Signal_Analysis_in_Python},
  DOI={https://doi.org/10.25080//Majora-7b98e3ed-003}, journal={ResearchGate},
  year={2015} }

@misc{spacy, spacy: industrial-strength natural language processing in python_2015,
  url={https://spacy.io/}, journal={Spacy.io}, year={2015} }

@book{nltk,
  author    = {Steven Bird and Edward Loper and Ewan Klein},
  title     = {Natural Language Processing with Python},
  year      = {2009},
  publisher = {O'Reilly Media Inc.},
  address   = {Sebastopol, CA}
}

@misc{textblob, textblob: simplified text processing — textblob 0.18.0.post0
  documentation_2024, url={https://textblob.readthedocs.io/en/dev/},
  journal={Readthedocs.io}, year={2024} }

@misc{catboost, title={CatBoost: gradient boosting with
  categorical features support}, url={https://arxiv.org/abs/1810.11363},
  journal={arXiv.org}, author={Dorogush, Anna Veronika and Ershov, Vasily and
                               Gulin, Andrey}, year={2018} }

@misc{optuna, title={Optuna: A Next-generation
  Hyperparameter Optimization Framework},
url={https://arxiv.org/abs/1907.10902}, journal={arXiv.org}, author={Akiba,
                                                                     Takuya and
                                                                     Sano,
                                                                     Shotaro
                                                                     and
                                                                     Yanase,
                                                                     Toshihiko
                                                                     and Ohta,
                                                                     Takeru and
                                                                     Koyama,
                                                                     Masanori},
year={2019} }

@misc{pylda, pyldavis — pyldavis 2.1.2 documentation_2018,
  url={https://pyldavis.readthedocs.io/en/latest/readme.html#usage},
  journal={Readthedocs.io}, year={2018} }

